%YAML 1.1
%TAG !u! tag:unity3d.com,2011:
--- !u!1 &358353719
GameObject:
  m_ObjectHideFlags: 0
  m_CorrespondingSourceObject: {fileID: 0}
  m_PrefabInstance: {fileID: 0}
  m_PrefabAsset: {fileID: 0}
  serializedVersion: 6
  m_Component:
  - component: {fileID: 358353720}
  - component: {fileID: 358353721}
  m_Layer: 8
  m_Name: Sphere
  m_TagString: Untagged
  m_Icon: {fileID: 0}
  m_NavMeshLayer: 0
  m_StaticEditorFlags: 0
  m_IsActive: 1
--- !u!4 &358353720
Transform:
  m_ObjectHideFlags: 0
  m_CorrespondingSourceObject: {fileID: 0}
  m_PrefabInstance: {fileID: 0}
  m_PrefabAsset: {fileID: 0}
  m_GameObject: {fileID: 358353719}
  m_LocalRotation: {x: 0, y: 0, z: 0, w: 1}
  m_LocalPosition: {x: 0, y: 1.635, z: 0}
  m_LocalScale: {x: 0.1, y: 0.1, z: 0.1}
  m_ConstrainProportionsScale: 0
  m_Children: []
  m_Father: {fileID: 8567904938346308350}
  m_RootOrder: 2
  m_LocalEulerAnglesHint: {x: 0, y: 0, z: 0}
--- !u!33 &358353721
MeshFilter:
  m_ObjectHideFlags: 0
  m_CorrespondingSourceObject: {fileID: 0}
  m_PrefabInstance: {fileID: 0}
  m_PrefabAsset: {fileID: 0}
  m_GameObject: {fileID: 358353719}
  m_Mesh: {fileID: 10207, guid: 0000000000000000e000000000000000, type: 0}
--- !u!1001 &8173445466970588437
PrefabInstance:
  m_ObjectHideFlags: 0
  serializedVersion: 2
  m_Modification:
    m_TransformParent: {fileID: 0}
    m_Modifications:
    - target: {fileID: -9136418272992050547, guid: 852fdef9380c88b49aa55747f939af4f,
        type: 3}
      propertyPath: m_Layer
      value: 8
      objectReference: {fileID: 0}
    - target: {fileID: -8893078617153529600, guid: 852fdef9380c88b49aa55747f939af4f,
        type: 3}
      propertyPath: m_Layer
      value: 8
      objectReference: {fileID: 0}
    - target: {fileID: -8679921383154817045, guid: 852fdef9380c88b49aa55747f939af4f,
        type: 3}
      propertyPath: m_RootOrder
      value: 0
      objectReference: {fileID: 0}
    - target: {fileID: -8679921383154817045, guid: 852fdef9380c88b49aa55747f939af4f,
        type: 3}
      propertyPath: m_LocalPosition.x
      value: -5.15
      objectReference: {fileID: 0}
    - target: {fileID: -8679921383154817045, guid: 852fdef9380c88b49aa55747f939af4f,
        type: 3}
      propertyPath: m_LocalPosition.y
      value: 0
      objectReference: {fileID: 0}
    - target: {fileID: -8679921383154817045, guid: 852fdef9380c88b49aa55747f939af4f,
        type: 3}
      propertyPath: m_LocalPosition.z
      value: 30.42
      objectReference: {fileID: 0}
    - target: {fileID: -8679921383154817045, guid: 852fdef9380c88b49aa55747f939af4f,
        type: 3}
      propertyPath: m_LocalRotation.w
      value: 0.9989226
      objectReference: {fileID: 0}
    - target: {fileID: -8679921383154817045, guid: 852fdef9380c88b49aa55747f939af4f,
        type: 3}
      propertyPath: m_LocalRotation.x
      value: -0
      objectReference: {fileID: 0}
    - target: {fileID: -8679921383154817045, guid: 852fdef9380c88b49aa55747f939af4f,
        type: 3}
      propertyPath: m_LocalRotation.y
      value: 0.046407964
      objectReference: {fileID: 0}
    - target: {fileID: -8679921383154817045, guid: 852fdef9380c88b49aa55747f939af4f,
        type: 3}
      propertyPath: m_LocalRotation.z
      value: -0
      objectReference: {fileID: 0}
    - target: {fileID: -8679921383154817045, guid: 852fdef9380c88b49aa55747f939af4f,
        type: 3}
      propertyPath: m_LocalEulerAnglesHint.x
      value: 0
      objectReference: {fileID: 0}
    - target: {fileID: -8679921383154817045, guid: 852fdef9380c88b49aa55747f939af4f,
        type: 3}
      propertyPath: m_LocalEulerAnglesHint.y
      value: 5.32
      objectReference: {fileID: 0}
    - target: {fileID: -8679921383154817045, guid: 852fdef9380c88b49aa55747f939af4f,
        type: 3}
      propertyPath: m_LocalEulerAnglesHint.z
      value: 0
      objectReference: {fileID: 0}
    - target: {fileID: -8231985748732325105, guid: 852fdef9380c88b49aa55747f939af4f,
        type: 3}
      propertyPath: m_Layer
      value: 8
      objectReference: {fileID: 0}
    - target: {fileID: -7848369159158506728, guid: 852fdef9380c88b49aa55747f939af4f,
        type: 3}
      propertyPath: m_Layer
      value: 8
      objectReference: {fileID: 0}
    - target: {fileID: -7749954531557587584, guid: 852fdef9380c88b49aa55747f939af4f,
        type: 3}
      propertyPath: m_Layer
      value: 8
      objectReference: {fileID: 0}
    - target: {fileID: -7665695681066324938, guid: 852fdef9380c88b49aa55747f939af4f,
        type: 3}
      propertyPath: m_Layer
      value: 8
      objectReference: {fileID: 0}
    - target: {fileID: -7580674726233461017, guid: 852fdef9380c88b49aa55747f939af4f,
        type: 3}
      propertyPath: m_Layer
      value: 8
      objectReference: {fileID: 0}
    - target: {fileID: -7480308591867911057, guid: 852fdef9380c88b49aa55747f939af4f,
        type: 3}
      propertyPath: m_Layer
      value: 8
      objectReference: {fileID: 0}
    - target: {fileID: -7379991069318578728, guid: 852fdef9380c88b49aa55747f939af4f,
        type: 3}
      propertyPath: m_Layer
      value: 8
      objectReference: {fileID: 0}
    - target: {fileID: -7269728169905626603, guid: 852fdef9380c88b49aa55747f939af4f,
        type: 3}
      propertyPath: m_Layer
      value: 8
      objectReference: {fileID: 0}
    - target: {fileID: -6641415448970445652, guid: 852fdef9380c88b49aa55747f939af4f,
        type: 3}
      propertyPath: m_Layer
      value: 8
      objectReference: {fileID: 0}
    - target: {fileID: -6464442196715338680, guid: 852fdef9380c88b49aa55747f939af4f,
        type: 3}
      propertyPath: m_Layer
      value: 8
      objectReference: {fileID: 0}
    - target: {fileID: -6174616617585957727, guid: 852fdef9380c88b49aa55747f939af4f,
        type: 3}
      propertyPath: m_Layer
      value: 8
      objectReference: {fileID: 0}
    - target: {fileID: -5807882937595556629, guid: 852fdef9380c88b49aa55747f939af4f,
        type: 3}
      propertyPath: m_Layer
      value: 8
      objectReference: {fileID: 0}
    - target: {fileID: -5414624395751510879, guid: 852fdef9380c88b49aa55747f939af4f,
        type: 3}
      propertyPath: m_Layer
      value: 8
      objectReference: {fileID: 0}
    - target: {fileID: -5371340195093405708, guid: 852fdef9380c88b49aa55747f939af4f,
        type: 3}
      propertyPath: m_Layer
      value: 8
      objectReference: {fileID: 0}
    - target: {fileID: -4828883697708649473, guid: 852fdef9380c88b49aa55747f939af4f,
        type: 3}
      propertyPath: m_Layer
      value: 8
      objectReference: {fileID: 0}
    - target: {fileID: -4041843679934593160, guid: 852fdef9380c88b49aa55747f939af4f,
        type: 3}
      propertyPath: m_Layer
      value: 8
      objectReference: {fileID: 0}
    - target: {fileID: -3962647829050528788, guid: 852fdef9380c88b49aa55747f939af4f,
        type: 3}
      propertyPath: m_Layer
      value: 8
      objectReference: {fileID: 0}
    - target: {fileID: -3739190549483330935, guid: 852fdef9380c88b49aa55747f939af4f,
        type: 3}
      propertyPath: m_Layer
      value: 8
      objectReference: {fileID: 0}
    - target: {fileID: -3291235408406092113, guid: 852fdef9380c88b49aa55747f939af4f,
        type: 3}
      propertyPath: m_Layer
      value: 8
      objectReference: {fileID: 0}
    - target: {fileID: -3135291856957443891, guid: 852fdef9380c88b49aa55747f939af4f,
        type: 3}
      propertyPath: m_Layer
      value: 8
      objectReference: {fileID: 0}
    - target: {fileID: -3122781417413711294, guid: 852fdef9380c88b49aa55747f939af4f,
        type: 3}
      propertyPath: m_Layer
      value: 8
      objectReference: {fileID: 0}
    - target: {fileID: -2928631036446536291, guid: 852fdef9380c88b49aa55747f939af4f,
        type: 3}
      propertyPath: m_Layer
      value: 8
      objectReference: {fileID: 0}
    - target: {fileID: -2877383546989289611, guid: 852fdef9380c88b49aa55747f939af4f,
        type: 3}
      propertyPath: m_Layer
      value: 8
      objectReference: {fileID: 0}
    - target: {fileID: -2761226029462635039, guid: 852fdef9380c88b49aa55747f939af4f,
        type: 3}
      propertyPath: m_Layer
      value: 8
      objectReference: {fileID: 0}
    - target: {fileID: -2674198313801352495, guid: 852fdef9380c88b49aa55747f939af4f,
        type: 3}
      propertyPath: m_Layer
      value: 8
      objectReference: {fileID: 0}
    - target: {fileID: -2443496126575484628, guid: 852fdef9380c88b49aa55747f939af4f,
        type: 3}
      propertyPath: m_Layer
      value: 8
      objectReference: {fileID: 0}
    - target: {fileID: -1881965479880549823, guid: 852fdef9380c88b49aa55747f939af4f,
        type: 3}
      propertyPath: m_Layer
      value: 8
      objectReference: {fileID: 0}
    - target: {fileID: -1725203512906818228, guid: 852fdef9380c88b49aa55747f939af4f,
        type: 3}
      propertyPath: m_Layer
      value: 8
      objectReference: {fileID: 0}
    - target: {fileID: -1271887500338679504, guid: 852fdef9380c88b49aa55747f939af4f,
        type: 3}
      propertyPath: m_Layer
      value: 8
      objectReference: {fileID: 0}
    - target: {fileID: -985985529979333096, guid: 852fdef9380c88b49aa55747f939af4f,
        type: 3}
      propertyPath: m_Layer
      value: 8
      objectReference: {fileID: 0}
    - target: {fileID: -932324769010898406, guid: 852fdef9380c88b49aa55747f939af4f,
        type: 3}
      propertyPath: m_Layer
      value: 8
      objectReference: {fileID: 0}
    - target: {fileID: -706658983441424561, guid: 852fdef9380c88b49aa55747f939af4f,
        type: 3}
      propertyPath: m_Layer
      value: 8
      objectReference: {fileID: 0}
    - target: {fileID: -386015588449943590, guid: 852fdef9380c88b49aa55747f939af4f,
        type: 3}
      propertyPath: m_Layer
      value: 8
      objectReference: {fileID: 0}
    - target: {fileID: 39393839640448542, guid: 852fdef9380c88b49aa55747f939af4f,
        type: 3}
      propertyPath: m_Layer
      value: 8
      objectReference: {fileID: 0}
    - target: {fileID: 283039404166705607, guid: 852fdef9380c88b49aa55747f939af4f,
        type: 3}
      propertyPath: m_Layer
      value: 8
      objectReference: {fileID: 0}
    - target: {fileID: 353511925560422564, guid: 852fdef9380c88b49aa55747f939af4f,
        type: 3}
      propertyPath: m_Layer
      value: 8
      objectReference: {fileID: 0}
    - target: {fileID: 919132149155446097, guid: 852fdef9380c88b49aa55747f939af4f,
        type: 3}
      propertyPath: m_Name
      value: Ramon
      objectReference: {fileID: 0}
    - target: {fileID: 919132149155446097, guid: 852fdef9380c88b49aa55747f939af4f,
        type: 3}
      propertyPath: m_Layer
      value: 8
      objectReference: {fileID: 0}
    - target: {fileID: 919132149155446097, guid: 852fdef9380c88b49aa55747f939af4f,
        type: 3}
      propertyPath: m_IsActive
      value: 1
      objectReference: {fileID: 0}
    - target: {fileID: 919132149155446097, guid: 852fdef9380c88b49aa55747f939af4f,
        type: 3}
      propertyPath: m_TagString
      value: Amigos
      objectReference: {fileID: 0}
    - target: {fileID: 976506834366898501, guid: 852fdef9380c88b49aa55747f939af4f,
        type: 3}
      propertyPath: m_Layer
      value: 8
      objectReference: {fileID: 0}
    - target: {fileID: 1020948974440007045, guid: 852fdef9380c88b49aa55747f939af4f,
        type: 3}
      propertyPath: m_Layer
      value: 8
      objectReference: {fileID: 0}
    - target: {fileID: 1136803088928199088, guid: 852fdef9380c88b49aa55747f939af4f,
        type: 3}
      propertyPath: m_Layer
      value: 8
      objectReference: {fileID: 0}
    - target: {fileID: 1276668221320053691, guid: 852fdef9380c88b49aa55747f939af4f,
        type: 3}
      propertyPath: m_Layer
      value: 8
      objectReference: {fileID: 0}
    - target: {fileID: 1770222384848715757, guid: 852fdef9380c88b49aa55747f939af4f,
        type: 3}
      propertyPath: m_Layer
      value: 8
      objectReference: {fileID: 0}
    - target: {fileID: 1945040816612613005, guid: 852fdef9380c88b49aa55747f939af4f,
        type: 3}
      propertyPath: m_Layer
      value: 8
      objectReference: {fileID: 0}
    - target: {fileID: 2750158988369709503, guid: 852fdef9380c88b49aa55747f939af4f,
        type: 3}
      propertyPath: m_Layer
      value: 8
      objectReference: {fileID: 0}
    - target: {fileID: 3187348372319397752, guid: 852fdef9380c88b49aa55747f939af4f,
        type: 3}
      propertyPath: m_Layer
      value: 8
      objectReference: {fileID: 0}
    - target: {fileID: 3242671571992157913, guid: 852fdef9380c88b49aa55747f939af4f,
        type: 3}
      propertyPath: m_Layer
      value: 8
      objectReference: {fileID: 0}
    - target: {fileID: 3524756410954936840, guid: 852fdef9380c88b49aa55747f939af4f,
        type: 3}
      propertyPath: m_Layer
      value: 8
      objectReference: {fileID: 0}
    - target: {fileID: 3942624108592472809, guid: 852fdef9380c88b49aa55747f939af4f,
        type: 3}
      propertyPath: m_Layer
      value: 8
      objectReference: {fileID: 0}
    - target: {fileID: 4041770083595180687, guid: 852fdef9380c88b49aa55747f939af4f,
        type: 3}
      propertyPath: m_Layer
      value: 8
      objectReference: {fileID: 0}
    - target: {fileID: 4877736580876386423, guid: 852fdef9380c88b49aa55747f939af4f,
        type: 3}
      propertyPath: m_LocalPosition.x
      value: 0.026786815
      objectReference: {fileID: 0}
    - target: {fileID: 4877736580876386423, guid: 852fdef9380c88b49aa55747f939af4f,
        type: 3}
      propertyPath: m_LocalPosition.z
      value: 0.03709507
      objectReference: {fileID: 0}
    - target: {fileID: 4877736580876386423, guid: 852fdef9380c88b49aa55747f939af4f,
        type: 3}
      propertyPath: m_LocalRotation.w
      value: 0.5893464
      objectReference: {fileID: 0}
    - target: {fileID: 4877736580876386423, guid: 852fdef9380c88b49aa55747f939af4f,
        type: 3}
      propertyPath: m_LocalRotation.x
      value: -0
      objectReference: {fileID: 0}
    - target: {fileID: 4877736580876386423, guid: 852fdef9380c88b49aa55747f939af4f,
        type: 3}
      propertyPath: m_LocalRotation.y
      value: -0.80788046
      objectReference: {fileID: 0}
    - target: {fileID: 4877736580876386423, guid: 852fdef9380c88b49aa55747f939af4f,
        type: 3}
      propertyPath: m_LocalEulerAnglesHint.y
      value: -107.779
      objectReference: {fileID: 0}
    - target: {fileID: 5061499379818021415, guid: 852fdef9380c88b49aa55747f939af4f,
        type: 3}
      propertyPath: m_Layer
      value: 8
      objectReference: {fileID: 0}
    - target: {fileID: 5447311324554542751, guid: 852fdef9380c88b49aa55747f939af4f,
        type: 3}
      propertyPath: m_Layer
      value: 8
      objectReference: {fileID: 0}
    - target: {fileID: 5901213795655131968, guid: 852fdef9380c88b49aa55747f939af4f,
        type: 3}
      propertyPath: m_Layer
      value: 8
      objectReference: {fileID: 0}
    - target: {fileID: 5923066636456171116, guid: 852fdef9380c88b49aa55747f939af4f,
        type: 3}
      propertyPath: m_Layer
      value: 8
      objectReference: {fileID: 0}
    - target: {fileID: 7311561063055367063, guid: 852fdef9380c88b49aa55747f939af4f,
        type: 3}
      propertyPath: m_Layer
      value: 8
      objectReference: {fileID: 0}
    - target: {fileID: 7547691395978512338, guid: 852fdef9380c88b49aa55747f939af4f,
        type: 3}
      propertyPath: m_Layer
      value: 8
      objectReference: {fileID: 0}
    - target: {fileID: 7575159684894143055, guid: 852fdef9380c88b49aa55747f939af4f,
        type: 3}
      propertyPath: m_Layer
      value: 8
      objectReference: {fileID: 0}
    - target: {fileID: 7763364265815274417, guid: 852fdef9380c88b49aa55747f939af4f,
        type: 3}
      propertyPath: m_Layer
      value: 8
      objectReference: {fileID: 0}
    - target: {fileID: 7911950043651772996, guid: 852fdef9380c88b49aa55747f939af4f,
        type: 3}
      propertyPath: m_Layer
      value: 8
      objectReference: {fileID: 0}
    - target: {fileID: 7942950104825480166, guid: 852fdef9380c88b49aa55747f939af4f,
        type: 3}
      propertyPath: m_Layer
      value: 8
      objectReference: {fileID: 0}
    - target: {fileID: 7965746210909779490, guid: 852fdef9380c88b49aa55747f939af4f,
        type: 3}
      propertyPath: m_Layer
      value: 8
      objectReference: {fileID: 0}
    - target: {fileID: 8515130166721925627, guid: 852fdef9380c88b49aa55747f939af4f,
        type: 3}
      propertyPath: m_Layer
      value: 8
      objectReference: {fileID: 0}
    - target: {fileID: 8587201446677717949, guid: 852fdef9380c88b49aa55747f939af4f,
        type: 3}
      propertyPath: m_Layer
      value: 8
      objectReference: {fileID: 0}
    - target: {fileID: 8804795166771358170, guid: 852fdef9380c88b49aa55747f939af4f,
        type: 3}
      propertyPath: m_Materials.Array.data[0]
      value: 
      objectReference: {fileID: 2100000, guid: 48e29b131e54f8147918d6f89acbdfaa, type: 2}
    - target: {fileID: 8804795166771358170, guid: 852fdef9380c88b49aa55747f939af4f,
        type: 3}
      propertyPath: m_Materials.Array.data[1]
      value: 
      objectReference: {fileID: 2100000, guid: 478da1afc67d4c84391da056311c9112, type: 2}
    - target: {fileID: 8821932391240933978, guid: 852fdef9380c88b49aa55747f939af4f,
        type: 3}
      propertyPath: m_Layer
      value: 8
      objectReference: {fileID: 0}
    - target: {fileID: 8912401658242538923, guid: 852fdef9380c88b49aa55747f939af4f,
        type: 3}
      propertyPath: m_Layer
      value: 8
      objectReference: {fileID: 0}
    - target: {fileID: 9107990444132268871, guid: 852fdef9380c88b49aa55747f939af4f,
        type: 3}
      propertyPath: m_Layer
      value: 8
      objectReference: {fileID: 0}
    m_RemovedComponents: []
  m_SourcePrefab: {fileID: 100100000, guid: 852fdef9380c88b49aa55747f939af4f, type: 3}
--- !u!4 &8567904938346308350 stripped
Transform:
  m_CorrespondingSourceObject: {fileID: -8679921383154817045, guid: 852fdef9380c88b49aa55747f939af4f,
    type: 3}
  m_PrefabInstance: {fileID: 8173445466970588437}
  m_PrefabAsset: {fileID: 0}
--- !u!1 &9055754276999149636 stripped
GameObject:
  m_CorrespondingSourceObject: {fileID: 919132149155446097, guid: 852fdef9380c88b49aa55747f939af4f,
    type: 3}
  m_PrefabInstance: {fileID: 8173445466970588437}
  m_PrefabAsset: {fileID: 0}
--- !u!143 &1534796203
CharacterController:
  m_ObjectHideFlags: 0
  m_CorrespondingSourceObject: {fileID: 0}
  m_PrefabInstance: {fileID: 0}
  m_PrefabAsset: {fileID: 0}
  m_GameObject: {fileID: 9055754276999149636}
  m_Material: {fileID: 0}
  m_IsTrigger: 0
  m_Enabled: 1
  serializedVersion: 2
  m_Height: 2
  m_Radius: 0.5
  m_SlopeLimit: 45
  m_StepOffset: 0.3
  m_SkinWidth: 0.08
  m_MinMoveDistance: 0.001
  m_Center: {x: 0, y: 0.85, z: 0}
--- !u!135 &1534796205
SphereCollider:
  m_ObjectHideFlags: 0
  m_CorrespondingSourceObject: {fileID: 0}
  m_PrefabInstance: {fileID: 0}
  m_PrefabAsset: {fileID: 0}
  m_GameObject: {fileID: 9055754276999149636}
  m_Material: {fileID: 0}
  m_IsTrigger: 1
  m_Enabled: 1
  serializedVersion: 2
  m_Radius: 2
  m_Center: {x: 0, y: 1, z: 0}
--- !u!95 &1534796193
Animator:
  serializedVersion: 4
  m_ObjectHideFlags: 0
  m_CorrespondingSourceObject: {fileID: 0}
  m_PrefabInstance: {fileID: 0}
  m_PrefabAsset: {fileID: 0}
  m_GameObject: {fileID: 9055754276999149636}
  m_Enabled: 1
  m_Avatar: {fileID: 0}
  m_Controller: {fileID: 9100000, guid: 045a0560e175d354f8f510aab27de537, type: 2}
  m_CullingMode: 0
  m_UpdateMode: 0
  m_ApplyRootMotion: 0
  m_LinearVelocityBlending: 0
  m_StabilizeFeet: 0
  m_WarningMessage: 
  m_HasTransformHierarchy: 1
  m_AllowConstantClipSamplingOptimization: 1
  m_KeepAnimatorControllerStateOnDisable: 0
--- !u!195 &1534796208
NavMeshAgent:
  m_ObjectHideFlags: 0
  m_CorrespondingSourceObject: {fileID: 0}
  m_PrefabInstance: {fileID: 0}
  m_PrefabAsset: {fileID: 0}
  m_GameObject: {fileID: 9055754276999149636}
  m_Enabled: 1
  m_AgentTypeID: 0
  m_Radius: 0.5
  m_Speed: 3.5
  m_Acceleration: 100
  avoidancePriority: 50
  m_AngularSpeed: 1000
  m_StoppingDistance: 1.2
  m_AutoTraverseOffMeshLink: 1
  m_AutoBraking: 1
  m_AutoRepath: 1
  m_Height: 2
  m_BaseOffset: 0
  m_WalkableMask: 4294967295
  m_ObstacleAvoidanceType: 4
