%YAML 1.1
%TAG !u! tag:unity3d.com,2011:
--- !u!1 &8869060105806764930
GameObject:
  m_ObjectHideFlags: 0
  m_CorrespondingSourceObject: {fileID: 0}
  m_PrefabInstance: {fileID: 0}
  m_PrefabAsset: {fileID: 0}
  serializedVersion: 6
  m_Component:
  - component: {fileID: 8869060105806764671}
  - component: {fileID: 8869060105806764668}
  - component: {fileID: 8869060105806764669}
  m_Layer: 0
  m_Name: Point Light
  m_TagString: Untagged
  m_Icon: {fileID: 0}
  m_NavMeshLayer: 0
  m_StaticEditorFlags: 0
  m_IsActive: 1
--- !u!4 &8869060105806764671
Transform:
  m_ObjectHideFlags: 0
  m_CorrespondingSourceObject: {fileID: 0}
  m_PrefabInstance: {fileID: 0}
  m_PrefabAsset: {fileID: 0}
  m_GameObject: {fileID: 8869060105806764930}
  m_LocalRotation: {x: -0, y: -0, z: -0, w: 1}
  m_LocalPosition: {x: 3.672, y: 3.952, z: -6.833378}
  m_LocalScale: {x: 1, y: 1, z: 1}
  m_ConstrainProportionsScale: 0
  m_Children: []
  m_Father: {fileID: 8869060107215423389}
  m_RootOrder: 1
  m_LocalEulerAnglesHint: {x: 0, y: 0, z: 0}
--- !u!108 &8869060105806764668
Light:
  m_ObjectHideFlags: 0
  m_CorrespondingSourceObject: {fileID: 0}
  m_PrefabInstance: {fileID: 0}
  m_PrefabAsset: {fileID: 0}
  m_GameObject: {fileID: 8869060105806764930}
  m_Enabled: 1
  serializedVersion: 10
  m_Type: 2
  m_Shape: 0
  m_Color: {r: 0.3099858, g: 0.8113208, b: 0.6372461, a: 1}
  m_Intensity: 2
  m_Range: 44.03
  m_SpotAngle: 30
  m_InnerSpotAngle: 21.80208
  m_CookieSize: 10
  m_Shadows:
    m_Type: 2
    m_Resolution: -1
    m_CustomResolution: -1
    m_Strength: 1
    m_Bias: 0.05
    m_NormalBias: 0.4
    m_NearPlane: 0.2
    m_CullingMatrixOverride:
      e00: 1
      e01: 0
      e02: 0
      e03: 0
      e10: 0
      e11: 1
      e12: 0
      e13: 0
      e20: 0
      e21: 0
      e22: 1
      e23: 0
      e30: 0
      e31: 0
      e32: 0
      e33: 1
    m_UseCullingMatrixOverride: 0
  m_Cookie: {fileID: 0}
  m_DrawHalo: 0
  m_Flare: {fileID: 0}
  m_RenderMode: 0
  m_CullingMask:
    serializedVersion: 2
    m_Bits: 4294967295
  m_RenderingLayerMask: 1
  m_Lightmapping: 4
  m_LightShadowCasterMode: 0
  m_AreaSize: {x: 1, y: 1}
  m_BounceIntensity: 1
  m_ColorTemperature: 6570
  m_UseColorTemperature: 0
  m_BoundingSphereOverride: {x: 0, y: 0, z: 0, w: 0}
  m_UseBoundingSphereOverride: 0
  m_UseViewFrustumForShadowCasterCull: 1
  m_ShadowRadius: 0
  m_ShadowAngle: 0
--- !u!114 &8869060105806764669
MonoBehaviour:
  m_ObjectHideFlags: 0
  m_CorrespondingSourceObject: {fileID: 0}
  m_PrefabInstance: {fileID: 0}
  m_PrefabAsset: {fileID: 0}
  m_GameObject: {fileID: 8869060105806764930}
  m_Enabled: 1
  m_EditorHideFlags: 0
  m_Script: {fileID: 11500000, guid: 474bcb49853aa07438625e644c072ee6, type: 3}
  m_Name: 
  m_EditorClassIdentifier: 
  m_Version: 1
  m_UsePipelineSettings: 1
  m_AdditionalLightsShadowResolutionTier: 2
  m_LightLayerMask: 1
  m_CustomShadowLayers: 0
  m_ShadowLayerMask: 1
  m_LightCookieSize: {x: 1, y: 1}
  m_LightCookieOffset: {x: 0, y: 0}
--- !u!1 &8869060107215423394
GameObject:
  m_ObjectHideFlags: 0
  m_CorrespondingSourceObject: {fileID: 0}
  m_PrefabInstance: {fileID: 0}
  m_PrefabAsset: {fileID: 0}
  serializedVersion: 6
  m_Component:
  - component: {fileID: 8869060107215423389}
  m_Layer: 0
  m_Name: LightAntorcha
  m_TagString: Untagged
  m_Icon: {fileID: 0}
  m_NavMeshLayer: 0
  m_StaticEditorFlags: 0
  m_IsActive: 1
--- !u!4 &8869060107215423389
Transform:
  m_ObjectHideFlags: 0
  m_CorrespondingSourceObject: {fileID: 0}
  m_PrefabInstance: {fileID: 0}
  m_PrefabAsset: {fileID: 0}
  m_GameObject: {fileID: 8869060107215423394}
  m_LocalRotation: {x: 0, y: 0, z: 0, w: 1}
  m_LocalPosition: {x: -74.054596, y: -8.682125, z: -38.656624}
  m_LocalScale: {x: 1, y: 1, z: 1}
  m_ConstrainProportionsScale: 0
  m_Children:
  - {fileID: 8864538844897661812}
  - {fileID: 8869060105806764671}
  - {fileID: 8980039462952950659}
  m_Father: {fileID: 0}
  m_RootOrder: 0
  m_LocalEulerAnglesHint: {x: 0, y: 0, z: 0}
--- !u!1001 &8869060106926537832
PrefabInstance:
  m_ObjectHideFlags: 0
  serializedVersion: 2
  m_Modification:
    m_TransformParent: {fileID: 8869060107215423389}
    m_Modifications:
    - target: {fileID: -8679921383154817045, guid: 74b247a96f12130448dddab6efd9eae6,
        type: 3}
      propertyPath: m_RootOrder
      value: 2
      objectReference: {fileID: 0}
    - target: {fileID: -8679921383154817045, guid: 74b247a96f12130448dddab6efd9eae6,
        type: 3}
      propertyPath: m_LocalPosition.x
      value: 2.63311
      objectReference: {fileID: 0}
    - target: {fileID: -8679921383154817045, guid: 74b247a96f12130448dddab6efd9eae6,
        type: 3}
      propertyPath: m_LocalPosition.y
      value: 2.842125
      objectReference: {fileID: 0}
    - target: {fileID: -8679921383154817045, guid: 74b247a96f12130448dddab6efd9eae6,
        type: 3}
      propertyPath: m_LocalPosition.z
      value: -6.8533745
      objectReference: {fileID: 0}
    - target: {fileID: -8679921383154817045, guid: 74b247a96f12130448dddab6efd9eae6,
        type: 3}
      propertyPath: m_LocalRotation.w
      value: 0.5
      objectReference: {fileID: 0}
    - target: {fileID: -8679921383154817045, guid: 74b247a96f12130448dddab6efd9eae6,
        type: 3}
      propertyPath: m_LocalRotation.x
      value: -0.5
      objectReference: {fileID: 0}
    - target: {fileID: -8679921383154817045, guid: 74b247a96f12130448dddab6efd9eae6,
        type: 3}
      propertyPath: m_LocalRotation.y
      value: 0.5
      objectReference: {fileID: 0}
    - target: {fileID: -8679921383154817045, guid: 74b247a96f12130448dddab6efd9eae6,
        type: 3}
      propertyPath: m_LocalRotation.z
      value: -0.5
      objectReference: {fileID: 0}
    - target: {fileID: -8679921383154817045, guid: 74b247a96f12130448dddab6efd9eae6,
        type: 3}
      propertyPath: m_LocalEulerAnglesHint.x
      value: 0
      objectReference: {fileID: 0}
    - target: {fileID: -8679921383154817045, guid: 74b247a96f12130448dddab6efd9eae6,
        type: 3}
      propertyPath: m_LocalEulerAnglesHint.y
      value: 0
      objectReference: {fileID: 0}
    - target: {fileID: -8679921383154817045, guid: 74b247a96f12130448dddab6efd9eae6,
        type: 3}
      propertyPath: m_LocalEulerAnglesHint.z
      value: 0
      objectReference: {fileID: 0}
    - target: {fileID: 919132149155446097, guid: 74b247a96f12130448dddab6efd9eae6,
        type: 3}
      propertyPath: m_Name
      value: AntorchaFBX
      objectReference: {fileID: 0}
    m_RemovedComponents: []
  m_SourcePrefab: {fileID: 100100000, guid: 74b247a96f12130448dddab6efd9eae6, type: 3}
--- !u!4 &8980039462952950659 stripped
Transform:
  m_CorrespondingSourceObject: {fileID: -8679921383154817045, guid: 74b247a96f12130448dddab6efd9eae6,
    type: 3}
  m_PrefabInstance: {fileID: 8869060106926537832}
  m_PrefabAsset: {fileID: 0}
--- !u!1001 &8869060107362778944
PrefabInstance:
  m_ObjectHideFlags: 0
  serializedVersion: 2
  m_Modification:
    m_TransformParent: {fileID: 8869060107215423389}
    m_Modifications:
    - target: {fileID: 1253142483436318, guid: 89956e675b749204c8e10395ce2b5fb9, type: 3}
      propertyPath: m_IsActive
      value: 1
      objectReference: {fileID: 0}
    - target: {fileID: 1911683160194432, guid: 89956e675b749204c8e10395ce2b5fb9, type: 3}
      propertyPath: m_IsActive
      value: 1
      objectReference: {fileID: 0}
    - target: {fileID: 4521404770085940, guid: 89956e675b749204c8e10395ce2b5fb9, type: 3}
      propertyPath: m_RootOrder
      value: 0
      objectReference: {fileID: 0}
    - target: {fileID: 4521404770085940, guid: 89956e675b749204c8e10395ce2b5fb9, type: 3}
      propertyPath: m_LocalScale.x
      value: 0.29671872
      objectReference: {fileID: 0}
    - target: {fileID: 4521404770085940, guid: 89956e675b749204c8e10395ce2b5fb9, type: 3}
      propertyPath: m_LocalScale.y
      value: 0.2967187
      objectReference: {fileID: 0}
    - target: {fileID: 4521404770085940, guid: 89956e675b749204c8e10395ce2b5fb9, type: 3}
      propertyPath: m_LocalScale.z
      value: 0.2967187
      objectReference: {fileID: 0}
    - target: {fileID: 4521404770085940, guid: 89956e675b749204c8e10395ce2b5fb9, type: 3}
      propertyPath: m_LocalPosition.x
      value: 3.2755966
      objectReference: {fileID: 0}
    - target: {fileID: 4521404770085940, guid: 89956e675b749204c8e10395ce2b5fb9, type: 3}
      propertyPath: m_LocalPosition.y
      value: 3.57
      objectReference: {fileID: 0}
    - target: {fileID: 4521404770085940, guid: 89956e675b749204c8e10395ce2b5fb9, type: 3}
      propertyPath: m_LocalPosition.z
      value: -6.833378
      objectReference: {fileID: 0}
    - target: {fileID: 4521404770085940, guid: 89956e675b749204c8e10395ce2b5fb9, type: 3}
      propertyPath: m_LocalRotation.w
      value: 0.7071068
      objectReference: {fileID: 0}
    - target: {fileID: 4521404770085940, guid: 89956e675b749204c8e10395ce2b5fb9, type: 3}
      propertyPath: m_LocalRotation.x
      value: -0.7071068
      objectReference: {fileID: 0}
    - target: {fileID: 4521404770085940, guid: 89956e675b749204c8e10395ce2b5fb9, type: 3}
      propertyPath: m_LocalRotation.y
      value: -0
      objectReference: {fileID: 0}
    - target: {fileID: 4521404770085940, guid: 89956e675b749204c8e10395ce2b5fb9, type: 3}
      propertyPath: m_LocalRotation.z
      value: -0
      objectReference: {fileID: 0}
    - target: {fileID: 198168859160489886, guid: 89956e675b749204c8e10395ce2b5fb9,
        type: 3}
      propertyPath: lengthInSec
      value: 3
      objectReference: {fileID: 0}
    - target: {fileID: 198168859160489886, guid: 89956e675b749204c8e10395ce2b5fb9,
        type: 3}
      propertyPath: InitialModule.startSize.scalar
      value: 2.3
      objectReference: {fileID: 0}
    - target: {fileID: 198168859160489886, guid: 89956e675b749204c8e10395ce2b5fb9,
        type: 3}
      propertyPath: InitialModule.startSpeed.scalar
      value: 1
      objectReference: {fileID: 0}
    - target: {fileID: 198168859160489886, guid: 89956e675b749204c8e10395ce2b5fb9,
        type: 3}
      propertyPath: InitialModule.startLifetime.scalar
      value: 0.6
      objectReference: {fileID: 0}
    - target: {fileID: 198168859160489886, guid: 89956e675b749204c8e10395ce2b5fb9,
        type: 3}
      propertyPath: InitialModule.gravityModifier.scalar
      value: -0.37
      objectReference: {fileID: 0}
    - target: {fileID: 198168859160489886, guid: 89956e675b749204c8e10395ce2b5fb9,
        type: 3}
      propertyPath: ColorModule.gradient.maxGradient.atime1
      value: 19468
      objectReference: {fileID: 0}
    - target: {fileID: 198168859160489886, guid: 89956e675b749204c8e10395ce2b5fb9,
        type: 3}
      propertyPath: ColorModule.gradient.maxGradient.atime2
      value: 26021
      objectReference: {fileID: 0}
    - target: {fileID: 198168859160489886, guid: 89956e675b749204c8e10395ce2b5fb9,
        type: 3}
      propertyPath: ColorModule.gradient.maxGradient.atime3
      value: 65535
      objectReference: {fileID: 0}
    - target: {fileID: 198168859160489886, guid: 89956e675b749204c8e10395ce2b5fb9,
        type: 3}
      propertyPath: ColorModule.gradient.maxGradient.ctime0
      value: 17540
      objectReference: {fileID: 0}
    - target: {fileID: 198168859160489886, guid: 89956e675b749204c8e10395ce2b5fb9,
        type: 3}
      propertyPath: ColorModule.gradient.maxGradient.ctime1
      value: 26600
      objectReference: {fileID: 0}
    - target: {fileID: 198168859160489886, guid: 89956e675b749204c8e10395ce2b5fb9,
        type: 3}
      propertyPath: ColorModule.gradient.maxGradient.ctime2
      value: 36815
      objectReference: {fileID: 0}
    - target: {fileID: 198168859160489886, guid: 89956e675b749204c8e10395ce2b5fb9,
        type: 3}
      propertyPath: ColorModule.gradient.maxGradient.ctime3
      value: 65535
      objectReference: {fileID: 0}
    - target: {fileID: 198168859160489886, guid: 89956e675b749204c8e10395ce2b5fb9,
        type: 3}
      propertyPath: ColorModule.gradient.maxGradient.key0.b
      value: 0.5525428
      objectReference: {fileID: 0}
    - target: {fileID: 198168859160489886, guid: 89956e675b749204c8e10395ce2b5fb9,
        type: 3}
      propertyPath: ColorModule.gradient.maxGradient.key0.g
      value: 0.6132076
      objectReference: {fileID: 0}
    - target: {fileID: 198168859160489886, guid: 89956e675b749204c8e10395ce2b5fb9,
        type: 3}
      propertyPath: ColorModule.gradient.maxGradient.key0.r
      value: 0.3615611
      objectReference: {fileID: 0}
    - target: {fileID: 198168859160489886, guid: 89956e675b749204c8e10395ce2b5fb9,
        type: 3}
      propertyPath: ColorModule.gradient.maxGradient.key1.a
      value: 0.94815725
      objectReference: {fileID: 0}
    - target: {fileID: 198168859160489886, guid: 89956e675b749204c8e10395ce2b5fb9,
        type: 3}
      propertyPath: ColorModule.gradient.maxGradient.key1.b
      value: 0.39776957
      objectReference: {fileID: 0}
    - target: {fileID: 198168859160489886, guid: 89956e675b749204c8e10395ce2b5fb9,
        type: 3}
      propertyPath: ColorModule.gradient.maxGradient.key1.g
      value: 0.5754717
      objectReference: {fileID: 0}
    - target: {fileID: 198168859160489886, guid: 89956e675b749204c8e10395ce2b5fb9,
        type: 3}
      propertyPath: ColorModule.gradient.maxGradient.key1.r
      value: 0.046146322
      objectReference: {fileID: 0}
    - target: {fileID: 198168859160489886, guid: 89956e675b749204c8e10395ce2b5fb9,
        type: 3}
      propertyPath: ColorModule.gradient.maxGradient.key2.a
      value: 1
      objectReference: {fileID: 0}
    - target: {fileID: 198168859160489886, guid: 89956e675b749204c8e10395ce2b5fb9,
        type: 3}
      propertyPath: ColorModule.gradient.maxGradient.key2.b
      value: 0.4654703
      objectReference: {fileID: 0}
    - target: {fileID: 198168859160489886, guid: 89956e675b749204c8e10395ce2b5fb9,
        type: 3}
      propertyPath: ColorModule.gradient.maxGradient.key2.g
      value: 0.5919781
      objectReference: {fileID: 0}
    - target: {fileID: 198168859160489886, guid: 89956e675b749204c8e10395ce2b5fb9,
        type: 3}
      propertyPath: ColorModule.gradient.maxGradient.key2.r
      value: 0.18411472
      objectReference: {fileID: 0}
    - target: {fileID: 198168859160489886, guid: 89956e675b749204c8e10395ce2b5fb9,
        type: 3}
      propertyPath: ColorModule.gradient.maxGradient.key3.b
      value: 0.5845731
      objectReference: {fileID: 0}
    - target: {fileID: 198168859160489886, guid: 89956e675b749204c8e10395ce2b5fb9,
        type: 3}
      propertyPath: ColorModule.gradient.maxGradient.key3.g
      value: 0.6320754
      objectReference: {fileID: 0}
    - target: {fileID: 198168859160489886, guid: 89956e675b749204c8e10395ce2b5fb9,
        type: 3}
      propertyPath: ColorModule.gradient.maxGradient.key3.r
      value: 0.19379672
      objectReference: {fileID: 0}
    - target: {fileID: 198168859160489886, guid: 89956e675b749204c8e10395ce2b5fb9,
        type: 3}
      propertyPath: ColorModule.gradient.maxGradient.m_NumAlphaKeys
      value: 4
      objectReference: {fileID: 0}
    - target: {fileID: 198168859160489886, guid: 89956e675b749204c8e10395ce2b5fb9,
        type: 3}
      propertyPath: ColorModule.gradient.maxGradient.m_NumColorKeys
      value: 4
      objectReference: {fileID: 0}
    - target: {fileID: 198205007009897148, guid: 89956e675b749204c8e10395ce2b5fb9,
        type: 3}
      propertyPath: lengthInSec
      value: 3
      objectReference: {fileID: 0}
    - target: {fileID: 198205007009897148, guid: 89956e675b749204c8e10395ce2b5fb9,
        type: 3}
      propertyPath: InitialModule.startSize.scalar
      value: 1.3
      objectReference: {fileID: 0}
    - target: {fileID: 198205007009897148, guid: 89956e675b749204c8e10395ce2b5fb9,
        type: 3}
      propertyPath: InitialModule.startSpeed.scalar
      value: 0.75
      objectReference: {fileID: 0}
    - target: {fileID: 198205007009897148, guid: 89956e675b749204c8e10395ce2b5fb9,
        type: 3}
      propertyPath: InitialModule.startLifetime.scalar
      value: 1.25
      objectReference: {fileID: 0}
    - target: {fileID: 198205007009897148, guid: 89956e675b749204c8e10395ce2b5fb9,
        type: 3}
      propertyPath: ColorModule.gradient.maxGradient.atime1
      value: 14842
      objectReference: {fileID: 0}
    - target: {fileID: 198205007009897148, guid: 89956e675b749204c8e10395ce2b5fb9,
        type: 3}
      propertyPath: ColorModule.gradient.maxGradient.ctime0
      value: 8867
      objectReference: {fileID: 0}
    - target: {fileID: 198205007009897148, guid: 89956e675b749204c8e10395ce2b5fb9,
        type: 3}
      propertyPath: ColorModule.gradient.maxGradient.ctime1
      value: 20624
      objectReference: {fileID: 0}
    - target: {fileID: 198205007009897148, guid: 89956e675b749204c8e10395ce2b5fb9,
        type: 3}
      propertyPath: ColorModule.gradient.maxGradient.key0.b
      value: 0.5525428
      objectReference: {fileID: 0}
    - target: {fileID: 198205007009897148, guid: 89956e675b749204c8e10395ce2b5fb9,
        type: 3}
      propertyPath: ColorModule.gradient.maxGradient.key0.g
      value: 0.6132076
      objectReference: {fileID: 0}
    - target: {fileID: 198205007009897148, guid: 89956e675b749204c8e10395ce2b5fb9,
        type: 3}
      propertyPath: ColorModule.gradient.maxGradient.key0.r
      value: 0.3615611
      objectReference: {fileID: 0}
    - target: {fileID: 198205007009897148, guid: 89956e675b749204c8e10395ce2b5fb9,
        type: 3}
      propertyPath: ColorModule.gradient.maxGradient.key1.b
      value: 0.39776957
      objectReference: {fileID: 0}
    - target: {fileID: 198205007009897148, guid: 89956e675b749204c8e10395ce2b5fb9,
        type: 3}
      propertyPath: ColorModule.gradient.maxGradient.key1.g
      value: 0.5754717
      objectReference: {fileID: 0}
    - target: {fileID: 198205007009897148, guid: 89956e675b749204c8e10395ce2b5fb9,
        type: 3}
      propertyPath: ColorModule.gradient.maxGradient.key1.r
      value: 0.046146322
      objectReference: {fileID: 0}
    - target: {fileID: 198205007009897148, guid: 89956e675b749204c8e10395ce2b5fb9,
        type: 3}
      propertyPath: ColorModule.gradient.maxGradient.key2.b
      value: 0.5845731
      objectReference: {fileID: 0}
    - target: {fileID: 198205007009897148, guid: 89956e675b749204c8e10395ce2b5fb9,
        type: 3}
      propertyPath: ColorModule.gradient.maxGradient.key2.g
      value: 0.6320754
      objectReference: {fileID: 0}
    - target: {fileID: 198205007009897148, guid: 89956e675b749204c8e10395ce2b5fb9,
        type: 3}
      propertyPath: ColorModule.gradient.maxGradient.key2.r
      value: 0.19379672
      objectReference: {fileID: 0}
    - target: {fileID: 198260517930635872, guid: 89956e675b749204c8e10395ce2b5fb9,
        type: 3}
      propertyPath: lengthInSec
      value: 3
      objectReference: {fileID: 0}
    - target: {fileID: 198260517930635872, guid: 89956e675b749204c8e10395ce2b5fb9,
        type: 3}
      propertyPath: InitialModule.startSize.scalar
      value: 0.88
      objectReference: {fileID: 0}
    - target: {fileID: 198260517930635872, guid: 89956e675b749204c8e10395ce2b5fb9,
        type: 3}
      propertyPath: InitialModule.startSpeed.scalar
      value: 1
      objectReference: {fileID: 0}
    - target: {fileID: 198260517930635872, guid: 89956e675b749204c8e10395ce2b5fb9,
        type: 3}
      propertyPath: InitialModule.startLifetime.scalar
      value: 0.4
      objectReference: {fileID: 0}
    - target: {fileID: 198260517930635872, guid: 89956e675b749204c8e10395ce2b5fb9,
        type: 3}
      propertyPath: InitialModule.gravityModifier.scalar
      value: -0.16
      objectReference: {fileID: 0}
    - target: {fileID: 198260517930635872, guid: 89956e675b749204c8e10395ce2b5fb9,
        type: 3}
      propertyPath: InitialModule.startRotation.minScalar
      value: -0.79499745
      objectReference: {fileID: 0}
    - target: {fileID: 198260517930635872, guid: 89956e675b749204c8e10395ce2b5fb9,
        type: 3}
      propertyPath: ColorModule.gradient.maxGradient.ctime0
      value: 1638
      objectReference: {fileID: 0}
    - target: {fileID: 198260517930635872, guid: 89956e675b749204c8e10395ce2b5fb9,
        type: 3}
      propertyPath: ColorModule.gradient.maxGradient.ctime1
      value: 14024
      objectReference: {fileID: 0}
    - target: {fileID: 198260517930635872, guid: 89956e675b749204c8e10395ce2b5fb9,
        type: 3}
      propertyPath: ColorModule.gradient.maxGradient.ctime2
      value: 20624
      objectReference: {fileID: 0}
    - target: {fileID: 198260517930635872, guid: 89956e675b749204c8e10395ce2b5fb9,
        type: 3}
      propertyPath: ColorModule.gradient.maxGradient.ctime3
      value: 65535
      objectReference: {fileID: 0}
    - target: {fileID: 198260517930635872, guid: 89956e675b749204c8e10395ce2b5fb9,
        type: 3}
      propertyPath: ColorModule.gradient.maxGradient.key0.b
      value: 0.47094163
      objectReference: {fileID: 0}
    - target: {fileID: 198260517930635872, guid: 89956e675b749204c8e10395ce2b5fb9,
        type: 3}
      propertyPath: ColorModule.gradient.maxGradient.key0.g
      value: 0.6037736
      objectReference: {fileID: 0}
    - target: {fileID: 198260517930635872, guid: 89956e675b749204c8e10395ce2b5fb9,
        type: 3}
      propertyPath: ColorModule.gradient.maxGradient.key0.r
      value: 0.03702387
      objectReference: {fileID: 0}
    - target: {fileID: 198260517930635872, guid: 89956e675b749204c8e10395ce2b5fb9,
        type: 3}
      propertyPath: ColorModule.gradient.maxGradient.key1.b
      value: 0.4185684
      objectReference: {fileID: 0}
    - target: {fileID: 198260517930635872, guid: 89956e675b749204c8e10395ce2b5fb9,
        type: 3}
      propertyPath: ColorModule.gradient.maxGradient.key1.g
      value: 0.5471698
      objectReference: {fileID: 0}
    - target: {fileID: 198260517930635872, guid: 89956e675b749204c8e10395ce2b5fb9,
        type: 3}
      propertyPath: ColorModule.gradient.maxGradient.key1.r
      value: 0.018066937
      objectReference: {fileID: 0}
    - target: {fileID: 198260517930635872, guid: 89956e675b749204c8e10395ce2b5fb9,
        type: 3}
      propertyPath: ColorModule.gradient.maxGradient.key2.b
      value: 0.39776957
      objectReference: {fileID: 0}
    - target: {fileID: 198260517930635872, guid: 89956e675b749204c8e10395ce2b5fb9,
        type: 3}
      propertyPath: ColorModule.gradient.maxGradient.key2.g
      value: 0.5754717
      objectReference: {fileID: 0}
    - target: {fileID: 198260517930635872, guid: 89956e675b749204c8e10395ce2b5fb9,
        type: 3}
      propertyPath: ColorModule.gradient.maxGradient.key2.r
      value: 0.046146322
      objectReference: {fileID: 0}
    - target: {fileID: 198260517930635872, guid: 89956e675b749204c8e10395ce2b5fb9,
        type: 3}
      propertyPath: ColorModule.gradient.maxGradient.key3.b
      value: 0.5845731
      objectReference: {fileID: 0}
    - target: {fileID: 198260517930635872, guid: 89956e675b749204c8e10395ce2b5fb9,
        type: 3}
      propertyPath: ColorModule.gradient.maxGradient.key3.g
      value: 0.6320754
      objectReference: {fileID: 0}
    - target: {fileID: 198260517930635872, guid: 89956e675b749204c8e10395ce2b5fb9,
        type: 3}
      propertyPath: ColorModule.gradient.maxGradient.key3.r
      value: 0.19379672
      objectReference: {fileID: 0}
    - target: {fileID: 198260517930635872, guid: 89956e675b749204c8e10395ce2b5fb9,
        type: 3}
      propertyPath: ColorModule.gradient.maxGradient.m_NumColorKeys
      value: 4
      objectReference: {fileID: 0}
    - target: {fileID: 198321560017527566, guid: 89956e675b749204c8e10395ce2b5fb9,
        type: 3}
      propertyPath: InitialModule.startSize.scalar
      value: 1
      objectReference: {fileID: 0}
    - target: {fileID: 198778633208645958, guid: 89956e675b749204c8e10395ce2b5fb9,
        type: 3}
      propertyPath: InitialModule.size3D
      value: 0
      objectReference: {fileID: 0}
    - target: {fileID: 198778633208645958, guid: 89956e675b749204c8e10395ce2b5fb9,
        type: 3}
      propertyPath: InitialModule.rotation3D
      value: 0
      objectReference: {fileID: 0}
    - target: {fileID: 198778633208645958, guid: 89956e675b749204c8e10395ce2b5fb9,
        type: 3}
      propertyPath: InitialModule.startSize.scalar
      value: 0.16
      objectReference: {fileID: 0}
    - target: {fileID: 198778633208645958, guid: 89956e675b749204c8e10395ce2b5fb9,
        type: 3}
      propertyPath: InitialModule.startSpeed.scalar
      value: 1
      objectReference: {fileID: 0}
    - target: {fileID: 198778633208645958, guid: 89956e675b749204c8e10395ce2b5fb9,
        type: 3}
      propertyPath: InitialModule.startSize.minScalar
      value: 0.08
      objectReference: {fileID: 0}
    - target: {fileID: 198778633208645958, guid: 89956e675b749204c8e10395ce2b5fb9,
        type: 3}
      propertyPath: InitialModule.startLifetime.scalar
      value: 1
      objectReference: {fileID: 0}
    - target: {fileID: 198778633208645958, guid: 89956e675b749204c8e10395ce2b5fb9,
        type: 3}
      propertyPath: InitialModule.startColor.maxColor.b
      value: 0.9622642
      objectReference: {fileID: 0}
    - target: {fileID: 198778633208645958, guid: 89956e675b749204c8e10395ce2b5fb9,
        type: 3}
      propertyPath: InitialModule.startColor.maxColor.g
      value: 0.9622642
      objectReference: {fileID: 0}
    - target: {fileID: 198778633208645958, guid: 89956e675b749204c8e10395ce2b5fb9,
        type: 3}
      propertyPath: InitialModule.startColor.maxColor.r
      value: 0.9622642
      objectReference: {fileID: 0}
    - target: {fileID: 198778633208645958, guid: 89956e675b749204c8e10395ce2b5fb9,
        type: 3}
      propertyPath: ColorModule.gradient.maxGradient.ctime1
      value: 20624
      objectReference: {fileID: 0}
    - target: {fileID: 198778633208645958, guid: 89956e675b749204c8e10395ce2b5fb9,
        type: 3}
      propertyPath: ColorModule.gradient.maxGradient.key0.b
      value: 0.5525428
      objectReference: {fileID: 0}
    - target: {fileID: 198778633208645958, guid: 89956e675b749204c8e10395ce2b5fb9,
        type: 3}
      propertyPath: ColorModule.gradient.maxGradient.key0.g
      value: 0.6132076
      objectReference: {fileID: 0}
    - target: {fileID: 198778633208645958, guid: 89956e675b749204c8e10395ce2b5fb9,
        type: 3}
      propertyPath: ColorModule.gradient.maxGradient.key0.r
      value: 0.3615611
      objectReference: {fileID: 0}
    - target: {fileID: 198778633208645958, guid: 89956e675b749204c8e10395ce2b5fb9,
        type: 3}
      propertyPath: ColorModule.gradient.maxGradient.key1.b
      value: 0.39776957
      objectReference: {fileID: 0}
    - target: {fileID: 198778633208645958, guid: 89956e675b749204c8e10395ce2b5fb9,
        type: 3}
      propertyPath: ColorModule.gradient.maxGradient.key1.g
      value: 0.5754717
      objectReference: {fileID: 0}
    - target: {fileID: 198778633208645958, guid: 89956e675b749204c8e10395ce2b5fb9,
        type: 3}
      propertyPath: ColorModule.gradient.maxGradient.key1.r
      value: 0.046146322
      objectReference: {fileID: 0}
    - target: {fileID: 198778633208645958, guid: 89956e675b749204c8e10395ce2b5fb9,
        type: 3}
      propertyPath: ColorModule.gradient.maxGradient.key2.b
      value: 0.5845731
      objectReference: {fileID: 0}
    - target: {fileID: 198778633208645958, guid: 89956e675b749204c8e10395ce2b5fb9,
        type: 3}
      propertyPath: ColorModule.gradient.maxGradient.key2.g
      value: 0.6320754
      objectReference: {fileID: 0}
    - target: {fileID: 198778633208645958, guid: 89956e675b749204c8e10395ce2b5fb9,
        type: 3}
      propertyPath: ColorModule.gradient.maxGradient.key2.r
      value: 0.19379672
      objectReference: {fileID: 0}
    - target: {fileID: 199049106770456860, guid: 89956e675b749204c8e10395ce2b5fb9,
        type: 3}
      propertyPath: m_Materials.Array.size
      value: 1
      objectReference: {fileID: 0}
    - target: {fileID: 199061620583998734, guid: 89956e675b749204c8e10395ce2b5fb9,
        type: 3}
      propertyPath: m_Materials.Array.size
      value: 1
      objectReference: {fileID: 0}
    - target: {fileID: 199147534815207922, guid: 89956e675b749204c8e10395ce2b5fb9,
        type: 3}
      propertyPath: m_Materials.Array.size
      value: 1
      objectReference: {fileID: 0}
    - target: {fileID: 199242344788938392, guid: 89956e675b749204c8e10395ce2b5fb9,
        type: 3}
      propertyPath: m_Materials.Array.size
      value: 1
      objectReference: {fileID: 0}
    - target: {fileID: 199681101902524428, guid: 89956e675b749204c8e10395ce2b5fb9,
        type: 3}
      propertyPath: m_Materials.Array.size
      value: 1
      objectReference: {fileID: 0}
    m_RemovedComponents: []
  m_SourcePrefab: {fileID: 100100000, guid: 89956e675b749204c8e10395ce2b5fb9, type: 3}
--- !u!4 &8864538844897661812 stripped
Transform:
  m_CorrespondingSourceObject: {fileID: 4521404770085940, guid: 89956e675b749204c8e10395ce2b5fb9,
    type: 3}
  m_PrefabInstance: {fileID: 8869060107362778944}
  m_PrefabAsset: {fileID: 0}
